<?xml version="1.0" encoding="UTF-8"?><collection xmlns="http://www.loc.gov/MARC21/slim"><record><leader>00499nam--2200169-i-4500</leader><controlfield tag="001">000019084</controlfield><controlfield tag="002">20161230</controlfield><controlfield tag="005">20161230201033</controlfield><controlfield tag="008">060222s1000------------r-----000-0-eng-d</controlfield><datafield ind1=" " ind2=" " tag="040"><subfield code="a">IFIN-HH</subfield></datafield><datafield ind1=" " ind2=" " tag="080"><subfield code="a">801.323.2=20=82</subfield></datafield><datafield ind1="1" ind2=" " tag="100"><subfield code="a">Tolstoi, D.M</subfield></datafield><datafield ind1="1" ind2="0" tag="245"><subfield code="a">English-russian physics dictionary. about 60000 terms</subfield><subfield code="b">Anglo-russkii fiziceskii slovari</subfield><subfield code="c">D.m. tolstoi (ed.)</subfield></datafield><datafield ind1=" " ind2=" " tag="260"><subfield code="a">Moskva</subfield><subfield code="b">Sovetskaia Entiklopedia</subfield><subfield code="c">1968</subfield></datafield><datafield ind1=" " ind2=" " tag="300"><subfield code="a">848 P</subfield></datafield><datafield ind1=" " ind2=" " tag="852"><subfield code="a">D.448</subfield><subfield code="c">SLF</subfield></datafield><datafield ind1=" " ind2=" " tag="CAT"><subfield code="a">Sys</subfield><subfield code="c">20130301</subfield><subfield code="h">131551</subfield></datafield></record></collection>